% Encoding: UTF-8

%%%
%
% When creating the Bibtex file, we recommended to ensure that the DOI is listed.
%
%%%

% TODO: remove template references:

@Book{WSPA,
  author    = {Sanjiva Weerawarana and Francisco Curbera and Frank Leymann and Tony Storey and Donald F. Ferguson},
  title     = {Web Services Platform Architecture : SOAP, WSDL, WS-Policy, WS-Addressing, WS-BPEL, WS-Reliable Messaging, and More},
  year      = {2005},
  publisher = {Prentice Hall PTR},
  isbn      = {0131488740            },
  doi       = {10.1.1/jpb001},
}


% !! DO NOT USE `label =   {ASF}` in other Misc entries !!

@Misc{ApacheODE,
  author = {{The Apache Software Foundation}},
  title =  {Apache ODE\texttrademark{} -- The Orchestration Director Engine},
  year =   {2016},
  label =  {ASF},
  url =    {http://ode.apache.org}
}

@Article{RVvdA2016,
  author =    {H.A. Reijers and I. Vanderfeesten and W.M.P. van der Aalst},
  title =     {The effectiveness of workflow management systems: A longitudinal study},
  journal =   {International Journal of Information Management},
  year =      {2016},
  volume =    {36},
  number =    {1},
  pages =     {126--141},
  month =     feb,
  doi =       {10.1016/j.             ijinfomgt.2015.08.003 },
  publisher = {Elsevier {BV}}
}

@Book{Duden2001,
  author    = {Duden},
  title     = {Die Deutsche Rechtschreibung},
  year      = {2001},
  edition   = {22., völlig neu bearbeitete und erweiterte Auflage},
  note      = {Aktualisierter Nachdruck},
  publisher = {Dudenverlag},
  isbn      = {3-411-04012-2                },
}

@Comment{jabref-meta: databaseType:biblatex;}


%% End template references

@inproceedings{deka2016erica,
  title={ERICA: Interaction mining mobile apps},
  author={Deka, Biplab and Huang, Zifeng and Kumar, Ranjitha},
  booktitle={Proceedings of the 29th annual symposium on user interface software and technology},
  pages={767--776},
  year={2016}
}

@inproceedings{deka2017rico,
  title={Rico: A mobile app dataset for building data-driven design applications},
  author={Deka, Biplab and Huang, Zifeng and Franzen, Chad and Hibschman, Joshua and Afergan, Daniel and Li, Yang and Nichols, Jeffrey and Kumar, Ranjitha},
  booktitle={Proceedings of the 30th annual ACM symposium on user interface software and technology},
  pages={845--854},
  year={2017}
}

@article{ghods2019activity2vec,
  title={Activity2vec: Learning adl embeddings from sensor data with a sequence-to-sequence model},
  author={Ghods, Alireza and Cook, Diane J},
  journal={arXiv preprint arXiv:1907.05597      } ,
  year={2019}
}

@online{google2023appCategory,
  author = {Google LLC},
  title = {Choose a category and tags for your app or game.},
  year = 2023,
  url = {https://support.google.com/googleplay/android-developer/answer/9859673},
  urldate = {2023-02-15}
}

@online{google2023uiAutomator,
  author = {Google LLC},
  title = {Write automated tests with UI Automator.},
  year = 2023,
  url = {https://developer.android.com/training/testing/other-components/ui-automator},
  urldate = {2023-02-15}
}

@online{rare2023gensim,
  author = {Řehůřek, Radim},
  title = {Gensim: Topic modelling for humans},
  year = 2023,
  url = {https://github.com/RaRe-Technologies/gensim},
  urldate = {2023-02-15}
}

@inproceedings{li2021screen2vec,
  title={Screen2vec: Semantic embedding of gui screens and gui components},
  author={Li, Toby Jia-Jun and Popowski, Lindsay and Mitchell, Tom and Myers, Brad A},
  booktitle={Proceedings of the 2021 CHI Conference on Human Factors in Computing Systems},
  pages={1--15},
  year={2021}
}

@inproceedings{wu2022distributed,
  title={Distributed representations of html page},
  author={Wu, Peihuang and Zhao, Jiakun},
  booktitle={2022 IEEE 2nd International Conference on Power, Electronics and Computer Applications (ICPECA)},
  pages={160--164},
  year={2022},
  organization={IEEE}
}

@inproceedings{yu2020understanding,
  title={Understanding mobile user intent using attentive sequence-to-sequence RNNs},
  author={Yu, Che-Hsuan and Chen, Hung-Yuan and Leu, Fang-Yie and Fan, Yao-Chung},
  booktitle={Wireless Internet: 12th EAI International Conference, WiCON 2019, TaiChung, Taiwan, November 26--27, 2019, Proceedings 12},
  pages={51--61},
  year={2020},
  organization={Springer}
}


@online{chollet2017seq2seq,
  author = {Chollet, François},
  title = {A ten-minute introduction to sequence-to-sequence learning in Keras},
  year = 2017,
  url = {https://blog.keras.io/a-ten-minute-introduction-to-sequence-to-sequence-learning-in-keras.html},
  urldate = {2023-02-15}
  %publisher = {Keras}
}

@inproceedings{quadrana2017personalizing,
  title={Personalizing session-based recommendations with hierarchical recurrent neural networks},
  author={Quadrana, Massimo and Karatzoglou, Alexandros and Hidasi, Bal{\'a}zs and Cremonesi, Paolo},
  booktitle={proceedings of the Eleventh ACM Conference on Recommender Systems},
  pages={130--137},
  year={2017}
}

@article{bansal2022remembering,
  title={Remembering past and predicting future: a hybrid recurrent neural network based recommender system},
  author={Bansal, Saumya and Baliyan, Niyati},
  journal={Journal of Ambient Intelligence and Humanized Computing},
  pages={1--12},
  year={2022},
  publisher={Springer}
}

@online{pietro2022recommendationSystems,
  author = {Di Pietro, Mauro},
  title = {Modern Recommendation Systems with Neural Networks},
  year = 2022,
  url = {https://towardsdatascience.com/modern-recommendation-systems-with-neural-networks-3cc06a6ded2c},
  urldate = {2023-03-08}
}

@inproceedings{shen2019deepapp,
  title={Deepapp: a deep reinforcement learning framework for mobile application usage prediction},
  author={Shen, Zhihao and Yang, Kang and Du, Wan and Zhao, Xi and Zou, Jianhua},
  booktitle={Proceedings of the 17th Conference on Embedded Networked Sensor Systems},
  pages={153--165},
  year={2019}
}

@inproceedings{jayarajah2015need,
  title={Need accurate user behaviour? pay attention to groups!},
  author={Jayarajah, Kasthuri and Lee, Youngki and Misra, Archan and Balan, Rajesh Krishna},
  booktitle={Proceedings of the 2015 ACM international joint conference on pervasive and ubiquitous computing},
  pages={855--866},
  year={2015}
}
